@article{rizzi2017,
  title={On the format and locus of parameters: the role of mophosyntactic features},
  author={Rizzi, Luigi},
  journal={Linguistic Analysis},
  volume={41},
  number={3},
  pages={159--191},
  year={2017},
  publisher={Linguistic Analysis}
}

@article{samo2022,
  title={Criterial V2: ModP as a Locus of Microvariation in Swiss Romansh Varieties},
  author={Samo, Giuseppe},
  journal={Probus},
  year={2022},
  publisher={De Gruyter Mouton}
}



%these are the references of the template
@ARTICLE{Figueredo:2009dg,
   author = {Figueredo, A.~J. and Wolf, P. S.~A.},
   title = {Assortative pairing and life history strategy -- a cross-cultural study},
   journal = {Human Nature},
   volume = {20},
   pages = {317-330},
   year = {2009},
   doi={https://doi.org/10.1007/s12110-009-9068-2}
}

@MISC{Hao:gidmaps:2014,
  author = {Hao, Z. and AghaKouchak, A. and Nakhjiri, N. and Farahmand, A},
  year = {2014},
  title = {Global integrated drought monitoring and prediction system ({GIDMaPS}) data sets},
  howpublished = {\emph{figshare} \url{http://dx.doi.org/10.6084/m9.figshare.853801}}
}

@ARTICLE{Figueredo:2009dg,
   author = {Figueredo, A.~J. and Wolf, P. S.~A.},
   title = {Assortative pairing and life history strategy -- a cross-cultural study},
   journal = {Human Nature},
   volume = {20},
   pages = {317-330},
   year = {2009},
   doi={https://doi.org/10.1007/s12110-009-9068-2}
}

@MISC{Hao:gidmaps:2014,
  author = {Hao, Z. and AghaKouchak, A. and Nakhjiri, N. and Farahmand, A},
  year = {2014},
  title = {Global integrated drought monitoring and prediction system ({GIDMaPS}) data sets},
  howpublished = {\emph{figshare} \url{http://dx.doi.org/10.6084/m9.figshare.853801}}
}
